<record><leader>00000cas a2200000 a 4500</leader><controlfield tag="001">11990899</controlfield><controlfield tag="008">850502c19339999aluwr ne      0   a0eng d</controlfield><datafield ind1=" " ind2=" " tag="010"><subfield code="a">sn 86050464 </subfield></datafield><datafield ind1=" " ind2=" " tag="040"><subfield code="a">AAA</subfield><subfield code="b">eng</subfield><subfield code="c">AAA</subfield><subfield code="d">CPN</subfield><subfield code="d">NST</subfield><subfield code="d">NSD</subfield><subfield code="d">OCLCQ</subfield></datafield><datafield ind1=" " ind2=" " tag="012"><subfield code="i">8810</subfield><subfield code="m">1</subfield></datafield><datafield ind1="1" ind2=" " tag="022"><subfield code="a">1071-0337</subfield><subfield code="l">1071-0337</subfield><subfield code="2">1</subfield></datafield><datafield ind1=" " ind2=" " tag="032"><subfield code="a">364820</subfield><subfield code="b">USPS</subfield></datafield><datafield ind1=" " ind2=" " tag="037"><subfield code="b">The Moulton Advertiser, POB 517, Moulton, AL 35650</subfield></datafield><datafield ind1=" " ind2=" " tag="042"><subfield code="a">msc</subfield><subfield code="a">nsdp</subfield></datafield><datafield ind1="0" ind2=" " tag="130"><subfield code="a">Moulton advertiser (Moulton, Ala. : 1933)</subfield></datafield><datafield ind1=" " ind2="4" tag="222"><subfield code="a">The Moulton advertiser</subfield><subfield code="b">(1933)</subfield></datafield><datafield ind1="1" ind2="4" tag="245"><subfield code="a">The Moulton advertiser.</subfield></datafield><datafield ind1=" " ind2=" " tag="260"><subfield code="a">Moulton, Ala. :</subfield><subfield code="b">J.D.L. Byars,</subfield><subfield code="c">1933-</subfield></datafield><datafield ind1=" " ind2=" " tag="300"><subfield code="a">v.</subfield></datafield><datafield ind1=" " ind2=" " tag="310"><subfield code="a">Weekly</subfield></datafield><datafield ind1="0" ind2=" " tag="362"><subfield code="a">Vol. 105, no. 1 (Jan. 5, 1933)-</subfield></datafield><datafield ind1=" " ind2=" " tag="588"><subfield code="a">Latest issue consulted: Vol. 165, no. 25 (June 24, 1993).</subfield></datafield><datafield ind1=" " ind2=" " tag="752"><subfield code="a">United States</subfield><subfield code="b">Alabama</subfield><subfield code="c">Lawrence</subfield><subfield code="d">Moulton.</subfield></datafield><datafield ind1="0" ind2="0" tag="780"><subfield code="t">Advertiser (Moulton, Ala.)</subfield><subfield code="w">(DLC)sn 86050463</subfield><subfield code="w">(OCoLC)14994521</subfield></datafield><datafield ind1=" " ind2=" " tag="850"><subfield code="a">AAP</subfield></datafield></record>